<record><leader>00000cas a22000007a 4500</leader><controlfield tag="001">14867058</controlfield><controlfield tag="008">861124d18921895msuwr ne      0    0eng d</controlfield><datafield ind1=" " ind2=" " tag="010"><subfield code="a">sn 86074064 </subfield></datafield><datafield ind1=" " ind2=" " tag="040"><subfield code="a">MJA</subfield><subfield code="b">eng</subfield><subfield code="c">MJA</subfield><subfield code="d">MSJ</subfield><subfield code="d">OCLCQ</subfield></datafield><datafield ind1=" " ind2=" " tag="042"><subfield code="a">msc</subfield></datafield><datafield ind1="0" ind2="0" tag="245"><subfield code="a">Mississippi leader.</subfield></datafield><datafield ind1=" " ind2=" " tag="260"><subfield code="a">Jackson, Miss. :</subfield><subfield code="b">B.T. Hobbs,</subfield><subfield code="c">1892-1895.</subfield></datafield><datafield ind1=" " ind2=" " tag="310"><subfield code="a">Weekly</subfield></datafield><datafield ind1="0" ind2=" " tag="362"><subfield code="a">Vol. 10, no. 1 (Jan. 14, 1892)-v. 13, no. 8 (July 30, 1895).</subfield></datafield><datafield ind1=" " ind2=" " tag="500"><subfield code="a">Published in Jackson in 1892; in Brookhaven, Miss. thereafter.</subfield></datafield><datafield ind1=" " ind2=" " tag="500"><subfield code="a">"A live prohibition newspaper, devoted to moral and political reform."</subfield></datafield><datafield ind1=" " ind2=" " tag="515"><subfield code="a">Suspended with Nov. 17, 1892 issue; resumed with Apr. 18, 1893 issue.</subfield></datafield><datafield ind1=" " ind2=" " tag="752"><subfield code="a">United States</subfield><subfield code="b">Mississippi</subfield><subfield code="c">Hinds</subfield><subfield code="d">Jackson.</subfield></datafield><datafield ind1=" " ind2=" " tag="752"><subfield code="a">United States</subfield><subfield code="b">Mississippi</subfield><subfield code="c">Lincoln</subfield><subfield code="d">Brookhaven.</subfield></datafield><datafield ind1="0" ind2="0" tag="780"><subfield code="t">Brookhaven leader (Brookhaven, Miss. : 1883)</subfield><subfield code="w">(OCoLC)14866928</subfield></datafield><datafield ind1="0" ind2="0" tag="785"><subfield code="t">Leader (Brookhaven, Miss. : 1895)</subfield><subfield code="w">(OCoLC)14867242</subfield></datafield></record>